<?xml version="1.0" encoding="UTF-8"?><collection xmlns="http://www.loc.gov/MARC21/slim"><record><leader>00357nam--2200133-i-4500</leader><controlfield tag="001">000029289</controlfield><controlfield tag="002">20161230</controlfield><controlfield tag="005">20161230201037</controlfield><controlfield tag="008">060222s1000------------r-----000-0-eng-d</controlfield><datafield ind1=" " ind2=" " tag="080"><subfield code="a">539.12.043</subfield></datafield><datafield ind1=" " ind2=" " tag="100"><subfield code="a">Larin, Frank</subfield></datafield><datafield ind1=" " ind2=" " tag="245"><subfield code="a">Radiation effects in semiconductor devices</subfield></datafield><datafield ind1=" " ind2=" " tag="260"><subfield code="a">New York, John Wiley And Sons, Inc., 1968, Xiii + 287p</subfield></datafield><datafield ind1=" " ind2=" " tag="852"><subfield code="a">29046</subfield></datafield></record></collection>